@inproceedings{roadrunner,
  title={Roadrunner: Towards automatic data extraction from large web sites},
  author={Crescenzi, Valter and Mecca, Giansalvatore and Merialdo, Paolo and others},
  booktitle={VLDB},
  volume={1},
  pages={109--118},
  year={2001}
}

@misc{mimovrste,
title={{mimovrste=) | računalništvo, prenosniki, GSM telefoni, avdio-video}},
howpublished={Accessable: \url{https://www.mimovrste.com/}},
note = {[Accessed: 24. 04. 2020]},
year = {2020}
}


@misc{ceneje,
title={{Ceneje.si - Prva misel pred nakupom}},
howpublished={Accessable: \url{https://www.ceneje.si/}},
note = {[Accessed: 24. 04. 2020]},
year = {2020}
}

