
%Apps

@misc{jauntium,
title={{Jauntium Java Browser Automation}},
howpublished={Accessable: \url{https://jauntium.com/}},
note = {[Accessed: 27. 03. 2020]},
year = {2020}
}

@misc{robots_txt,
title={{RobotsTxt: Java library to read and parse robots.txt file.}},
howpublished={Accessable: \url{https://github.com/pandzel/RobotsTxt}},
note = {[Accessed: 27. 03. 2020]},
year = {2020}
}


@misc{postgres,
title={{PostgreSQL: The World's Most Advanced Open Source Relational Database}},
howpublished={Accessable: \url{https://www.postgresql.org/}},
note = {[Accessed: 27. 03. 2020]},
year = {2020}
}

